@book{stallings,
  author = {William Stallings},
  title = {Operating Systems: Internals and Design Principles},
  year = {2018},
  edition = {9th},
  publisher = {Pearson},
  chapter = {3.4},
}

@book{stallings4.3,
  author = {William Stallings},
  title = {Operating Systems: Internals and Design Principles},
  year = {2018},
  edition = {9th},
  publisher = {Pearson},
  chapter = {4.3},
}
@misc{linux-doc,
  author = {The Linux Kernel Documentation},
  title = {Process Management},
  url = {https://www.kernel.org/doc/html/latest/},
  note = {Accessed: 2025-01-18},
}

@misc{aws_free,
  title = {AWS Free Tier},
  url = {https://aws.amazon.com/free},
  year = {2025}
}

@misc{gcp_free,
  title = {Google Cloud Free Tier},
  url = {https://cloud.google.com/free},
  year = {2025}
}

@misc{azure_free,
  title = {Microsoft Azure Free Tier},
  url = {https://azure.microsoft.com/en-us/free/},
  year = {2025}
}

@misc{cloud_pricing_comparison,
  title = {AWS vs. Azure vs. Google Cloud Platform in 2024},
  url = {https://cast.ai/blog/cloud-pricing-comparison-aws-vs-azure-vs-google-cloud-platform/},
  year = {2025}
}